% This file was created with JabRef 2.8.
% Encoding: UTF8

@BOOK{carryer2011IntroMechatronics,
  title = {Introduction to Mechatronic Design},
  publisher = {Pearson Education},
  year = {2011},
  author = {J. Edward Carryer and R. Matthew Ohline and Thomas W. Kenny},
  optaddress = {address},
  optannote = {annote},
  optedition = {edition},
  optkey = {key},
  optmonth = {month},
  optnote = {note},
  optnumber = {number},
  optseries = {series},
  optvolume = {volume}
}

@MISC{kreher2005pseudocode,
  author = {D.L. Kreher and D.R. Stinson},
  title = {Pseudocode: A {LaTeX} Style File for Displaying Algorithms},
  year = {2005},
  url = {http://mirror.hmc.edu/ctan/macros/latex/contrib/pseudocode/pseudocode.pdf}
}

@MISC{verna2013fixme,
  author = {Didier Verna},
  title = {FiXme -- Collaborative annotation tool for LaTeX},
  howpublished = {Online},
  month = jan,
  year = {2013},
  owner = {foley},
  timestamp = {2014.10.17},
  url = {http://ctan.uib.no/macros/latex/contrib/fixme/fixme.pdf}
}

@MISC{Warbrick94essentiallatex,
  author = {Jon Warbrick},
  title = {Essential LATEX ++},
  year = {1994}
}

@MISC{wright2014siunitx,
  author = {Joseph Wright},
  title = {siunitx -- A comprehensive (SI) units package},
  howpublished = {Online},
  month = oct,
  year = {2014},
  owner = {foley},
  timestamp = {2014.10.17},
  url = {http://ctan.uib.no/macros/latex/contrib/siunitx/siunitx.pdf}
}

@MISC{URL:ru.is,
  title = {Reykjavik University Website},
  key = {Reykjavik University},
  url = {www.ru.is}
}

